{
  "leader": "02391cam a2200553 i 4500",
  "fields": [
    {
      "001": "ocm03481063\\"
    },
    {
      "003": "OCoLC"
    },
    {
      "005": "20220701143849.0"
    },
    {
      "008": "771117s1978\\\\\\\\nyu\\\\\\\\\\\\b\\\\\\\\001\\0\\eng\\\\"
    },
    {
      "010": {
        "ind1": "\\",
        "ind2": "\\",
        "subfields": [
          {
            "a": "   77025465 "
          }
        ]
      }
    },
    {
      "040": {
        "ind1": "\\",
        "ind2": "\\",
        "subfields": [
          {
            "a": "DLC"
          },
          {
            "b": "eng"
          },
          {
            "c": "DLC"
          },
          {
            "d": "EL{dollar}"
          },
          {
            "d": "BTCTA"
          },
          {
            "d": "CKL"
          },
          {
            "d": "DEBBG"
          },
          {
            "d": "OCLCF"
          },
          {
            "d": "JYJ"
          },
          {
            "d": "OCLCQ"
          },
          {
            "d": "NLC"
          },
          {
            "d": "OCLCO"
          },
          {
            "d": "XFF"
          },
          {
            "d": "CNSLL"
          },
          {
            "d": "OCLCQ"
          },
          {
            "d": "CCH"
          },
          {
            "d": "YT6"
          },
          {
            "d": "OCLCQ"
          },
          {
            "d": "DCHUA"
          },
          {
            "d": "OCLCA"
          },
          {
            "d": "OCLCQ"
          },
          {
            "d": "IL4J6"
          },
          {
            "d": "OCLCO"
          },
          {
            "d": "OCLCQ"
          },
          {
            "d": "OCLCO"
          }
        ]
      }
    },
    {
      "015": {
        "ind1": "\\",
        "ind2": "\\",
        "subfields": [
          {
            "a": "791505235"
          },
          {
            "2": "can"
          }
        ]
      }
    },
    {
      "016": {
        "ind1": "\\",
        "ind2": "\\",
        "subfields": [
          {
            "a": "(AMICUS)000000445093"
          }
        ]
      }
    },
    {
      "019": {
        "ind1": "\\",
        "ind2": "\\",
        "subfields": [
          {
            "a": "1166416957"
          },
          {
            "a": "1166504995"
          }
        ]
      }
    },
    {
      "020": {
        "ind1": "\\",
        "ind2": "\\",
        "subfields": [
          {
            "a": "0070573786"
          }
        ]
      }
    },
    {
      "020": {
        "ind1": "\\",
        "ind2": "\\",
        "subfields": [
          {
            "a": "9780070573789"
          }
        ]
      }
    },
    {
      "035": {
        "ind1": "\\",
        "ind2": "\\",
        "subfields": [
          {
            "a": "(OCoLC)3481063"
          },
          {
            "z": "(OCoLC)1166416957"
          },
          {
            "z": "(OCoLC)1166504995"
          }
        ]
      }
    },
    {
      "043": {
        "ind1": "\\",
        "ind2": "\\",
        "subfields": [
          {
            "a": "n-us---"
          }
        ]
      }
    },
    {
      "045": {
        "ind1": "\\",
        "ind2": "\\",
        "subfields": [
          {
            "a": "x7x7"
          }
        ]
      }
    },
    {
      "050": {
        "ind1": "0",
        "ind2": "0",
        "subfields": [
          {
            "a": "HN65"
          },
          {
            "b": ".S5617"
          }
        ]
      }
    },
    {
      "051": {
        "ind1": "\\",
        "ind2": "\\",
        "subfields": [
          {
            "a": "HN65"
          },
          {
            "b": ".S5617 Copy 4"
          }
        ]
      }
    },
    {
      "055": {
        "ind1": "\\",
        "ind2": "0",
        "subfields": [
          {
            "a": "HN65"
          },
          {
            "b": ".S5617"
          }
        ]
      }
    },
    {
      "082": {
        "ind1": "0",
        "ind2": "0",
        "subfields": [
          {
            "a": "309.173"
          },
          {
            "b": "SIM"
          }
        ]
      }
    },
    {
      "100": {
        "ind1": "1",
        "ind2": "\\",
        "subfields": [
          {
            "a": "Simon, William E.,"
          },
          {
            "d": "1927-2000."
          }
        ]
      }
    },
    {
      "245": {
        "ind1": "1",
        "ind2": "2",
        "subfields": [
          {
            "a": "A time for truth /"
          },
          {
            "c": "William E. Simon."
          }
        ]
      }
    },
    {
      "260": {
        "ind1": "\\",
        "ind2": "\\",
        "subfields": [
          {
            "a": "New York :"
          },
          {
            "b": "Reader's Digest Press,"
          },
          {
            "c": "\u00a91978."
          }
        ]
      }
    },
    {
      "300": {
        "ind1": "\\",
        "ind2": "\\",
        "subfields": [
          {
            "a": "xvi, 248 pages ;"
          },
          {
            "c": "24 cm"
          }
        ]
      }
    },
    {
      "336": {
        "ind1": "\\",
        "ind2": "\\",
        "subfields": [
          {
            "a": "text"
          },
          {
            "b": "txt"
          },
          {
            "2": "rdacontent"
          }
        ]
      }
    },
    {
      "337": {
        "ind1": "\\",
        "ind2": "\\",
        "subfields": [
          {
            "a": "unmediated"
          },
          {
            "b": "n"
          },
          {
            "2": "rdamedia"
          }
        ]
      }
    },
    {
      "338": {
        "ind1": "\\",
        "ind2": "\\",
        "subfields": [
          {
            "a": "volume"
          },
          {
            "b": "nc"
          },
          {
            "2": "rdacarrier"
          }
        ]
      }
    },
    {
      "504": {
        "ind1": "\\",
        "ind2": "\\",
        "subfields": [
          {
            "a": "Includes bibliographical references and index."
          }
        ]
      }
    },
    {
      "505": {
        "ind1": "0",
        "ind2": "\\",
        "subfields": [
          {
            "a": "Preface / Milton Friedman -- Foreword / F.A. Hayek -- Mr. Chairman -- Freedom vs. dictatorship -- Dictatorship in microcosm -- Disaster: visible and invisible -- New York: disaster in microcosm -- U.S.A.: the macrocosm -- The road to liberty."
          }
        ]
      }
    },
    {
      "520": {
        "ind1": "\\",
        "ind2": "\\",
        "subfields": [
          {
            "a": "\"A distinguished conservative dissects the economic and political policies that threaten our liberty--and points the way to an American renaissance\"--Jacket subtitle."
          }
        ]
      }
    },
    {
      "651": {
        "ind1": "\\",
        "ind2": "0",
        "subfields": [
          {
            "a": "United States"
          },
          {
            "x": "Social policy."
          }
        ]
      }
    },
    {
      "651": {
        "ind1": "\\",
        "ind2": "0",
        "subfields": [
          {
            "a": "United States"
          },
          {
            "x": "Economic policy"
          },
          {
            "y": "1971-1981."
          }
        ]
      }
    },
    {
      "650": {
        "ind1": "\\",
        "ind2": "0",
        "subfields": [
          {
            "a": "Liberty."
          }
        ]
      }
    },
    {
      "650": {
        "ind1": "\\",
        "ind2": "0",
        "subfields": [
          {
            "a": "Individualism."
          }
        ]
      }
    },
    {
      "650": {
        "ind1": "\\",
        "ind2": "2",
        "subfields": [
          {
            "a": "Freedom"
          }
        ]
      }
    },
    {
      "650": {
        "ind1": "\\",
        "ind2": "7",
        "subfields": [
          {
            "a": "Economic policy."
          },
          {
            "2": "fast"
          },
          {
            "0": "(OCoLC)fst00902025"
          }
        ]
      }
    },
    {
      "650": {
        "ind1": "\\",
        "ind2": "7",
        "subfields": [
          {
            "a": "Individualism."
          },
          {
            "2": "fast"
          },
          {
            "0": "(OCoLC)fst00970328"
          }
        ]
      }
    },
    {
      "650": {
        "ind1": "\\",
        "ind2": "7",
        "subfields": [
          {
            "a": "Liberty."
          },
          {
            "2": "fast"
          },
          {
            "0": "(OCoLC)fst00997251"
          }
        ]
      }
    },
    {
      "650": {
        "ind1": "\\",
        "ind2": "7",
        "subfields": [
          {
            "a": "Social policy."
          },
          {
            "2": "fast"
          },
          {
            "0": "(OCoLC)fst01122738"
          }
        ]
      }
    },
    {
      "651": {
        "ind1": "\\",
        "ind2": "7",
        "subfields": [
          {
            "a": "United States."
          },
          {
            "2": "fast"
          },
          {
            "0": "(OCoLC)fst01204155"
          }
        ]
      }
    },
    {
      "648": {
        "ind1": "\\",
        "ind2": "7",
        "subfields": [
          {
            "a": "1971-1981"
          },
          {
            "2": "fast"
          }
        ]
      }
    },
    {
      "700": {
        "ind1": "1",
        "ind2": "\\",
        "subfields": [
          {
            "a": "Luce, Clare Boothe,"
          },
          {
            "d": "1903-1987,"
          },
          {
            "e": "former owner."
          }
        ]
      }
    },
    {
      "776": {
        "ind1": "0",
        "ind2": "8",
        "subfields": [
          {
            "i": "Online version:"
          },
          {
            "a": "Simon, William E., 1927-2000."
          },
          {
            "t": "Time for truth."
          },
          {
            "d": "New York : Reader's Digest Press, \u00a91978"
          },
          {
            "w": "(OCoLC)557744362"
          }
        ]
      }
    },
    {
      "994": {
        "ind1": "\\",
        "ind2": "\\",
        "subfields": [
          {
            "a": "Z0"
          },
          {
            "b": "NYRVC"
          }
        ]
      }
    },
    {
      "948": {
        "ind1": "\\",
        "ind2": "\\",
        "subfields": [
          {
            "h": "NO HOLDINGS IN NYRVC - 1290 OTHER HOLDINGS"
          }
        ]
      }
    },
    {
      "999": {
        "ind1": "\\",
        "ind2": "\\",
        "subfields": [
          {
            "a": "00000000015962"
          }
        ]
      }
    }
  ]
}